<?xml version="1.0" encoding="UTF-8"?><collection xmlns="http://www.loc.gov/MARC21/slim"><record><leader>00382nam--2200145-i-4500</leader><controlfield tag="001">000039683</controlfield><controlfield tag="002">20161230</controlfield><controlfield tag="005">20161230201042</controlfield><controlfield tag="008">060222s1000------------r-----000-0-eng-d</controlfield><datafield ind1=" " ind2=" " tag="080"><subfield code="a">621.372</subfield></datafield><datafield ind1=" " ind2=" " tag="100"><subfield code="a">Rowe,Joseph E</subfield></datafield><datafield ind1=" " ind2=" " tag="245"><subfield code="a">Nonlinear electron-wave interaction phenomena</subfield></datafield><datafield ind1=" " ind2=" " tag="260"><subfield code="a">New York, Academic Press, 1965. Xiv + 591 P</subfield></datafield><datafield ind1=" " ind2=" " tag="490"><subfield code="a">Electrical Science</subfield></datafield><datafield ind1=" " ind2=" " tag="852"><subfield code="a">22967</subfield></datafield></record></collection>